@misc{worldcup,
	author = "{FIFA}",
	title = "{2018 World Cup Russia}",
	howpublished = "\url{https://www.fifa.com/worldcup/news/more-than-half-the-world-watched-record-breaking-2018-world-cup}",
	note = "[3-August-2019]"
}

@misc{intel,
	author = "{Intel}",
	title = "True View",
	howpublished = "\url{https://www.intel.co.uk/content/www/uk/en/sports/technology/true-view.html}",
	note = "[3-August-2019]"
}

@misc{vizrt,
	author = "{Vizrt}",
	title = "The ultimate tools for live sports production",
	howpublished = "\url{https://www.vizrt.com/sports}",
	note = "[3-August-2019]"
}

@misc{hawk,
	author = "{Michael Bane}",
	title = "{How Hawk-Eye ball tracking can improve tennis performance}",
	howpublished = "\url{https://phys.org/news/2015-01-hawk-eye-ball-tracking-tennis.html}",
	note = "[3-August-2019]"
}

@misc{openpose,
	author = "{OpenPose}",
	title = "{Github}",
	howpublished = "\url{https://github.com/CMU-Perceptual-Computing-Lab/openpose}",
	note = "[3-August-2019]"
}


@misc{filterpygithub,
	author = "{Labbe, Roger}",
	title = "{Github}",
	howpublished = "\url{https://github.com/rlabbe/filterpy}",
	note = "[3-August-2019]"
}

@misc{filterpydoc,
	author = "{Labbe, Roger}",
	title = "{FilterPy Documentation}",
	howpublished = "\url{https://filterpy.readthedocs.io/en/latest/}",
	note = "[3-August-2019]"
}

@book{filterpybook,
  title={{Kalman and Bayesian Filters in Python}},
  author={Labbe, Roger},
  year={2018},
}

@misc{triangulation,
	author = "{Wikipedia}",
	title = "{Triangulation (computer vision)}",
	howpublished = "\url{https://en.wikipedia.org/wiki/Triangulation_(computer_vision)}",
	note = "[3-August-2019]"
}

@book{kalmanbook,
	title={{An Introduction to the Kalman Filter}},
	author={Greg Welch and Gary Bishop},
	year={2006},
}




